<record><leader>00000cas a22000007a 4500</leader><controlfield tag="001">21499930</controlfield><controlfield tag="008">900509d185u1870pauwr ne      0    0eng d</controlfield><datafield ind1=" " ind2=" " tag="010"><subfield code="a">sn 90069215 </subfield></datafield><datafield ind1=" " ind2=" " tag="040"><subfield code="a">NPH</subfield><subfield code="b">eng</subfield><subfield code="c">NPH</subfield><subfield code="d">OCL</subfield><subfield code="d">OCLCQ</subfield></datafield><datafield ind1=" " ind2=" " tag="042"><subfield code="a">msc</subfield></datafield><datafield ind1="0" ind2="0" tag="245"><subfield code="a">York County star.</subfield></datafield><datafield ind1="1" ind2="7" tag="246"><subfield code="a">York County star and Wrightsville advertiser</subfield></datafield><datafield ind1=" " ind2=" " tag="260"><subfield code="a">Wrightsville, Pa. :</subfield><subfield code="b">Robert W. Smith &amp; Wm. H. Albright,</subfield><subfield code="c">-1870.</subfield></datafield><datafield ind1=" " ind2=" " tag="300"><subfield code="a">v. :</subfield><subfield code="b">ill. (chiefly advertisements) ;</subfield><subfield code="c">60 cm.</subfield></datafield><datafield ind1=" " ind2=" " tag="310"><subfield code="a">Weekly</subfield></datafield><datafield ind1="0" ind2=" " tag="362"><subfield code="a">-new ser., v. 4, no. 50 (May 13, 1870) = -whole no. 597.</subfield></datafield><datafield ind1=" " ind2=" " tag="515"><subfield code="a">Issues for &lt;May 7, 1857&gt; called also &lt;whole no. 157&gt;.</subfield></datafield><datafield ind1=" " ind2=" " tag="588"><subfield code="a">Description based on: Vol. 4, no. 1 (May 7, 1857).</subfield></datafield><datafield ind1=" " ind2=" " tag="752"><subfield code="a">United States</subfield><subfield code="b">Pennsylvania</subfield><subfield code="c">York</subfield><subfield code="d">Wrightsville.</subfield></datafield><datafield ind1="0" ind2="0" tag="780"><subfield code="t">York County star and Wrightsville advertiser</subfield><subfield code="w">(DLC)sn 89077144</subfield></datafield><datafield ind1="0" ind2="0" tag="785"><subfield code="t">Wrightsville star</subfield><subfield code="w">(DLC)sn 84026602</subfield></datafield></record>